<record><leader>00000cas a2200000 a 4500</leader><controlfield tag="001">25576716</controlfield><controlfield tag="008">920402d1uuu1992iluwr ne      0   a0eng c</controlfield><datafield ind1=" " ind2=" " tag="010"><subfield code="a">sn 92054524 </subfield></datafield><datafield ind1=" " ind2=" " tag="040"><subfield code="a">NVF</subfield><subfield code="b">eng</subfield><subfield code="c">NVF</subfield><subfield code="d">OCLCQ</subfield><subfield code="d">NVF</subfield><subfield code="d">OCLCO</subfield><subfield code="d">OCLCQ</subfield><subfield code="d">OCLCF</subfield></datafield><datafield ind1="1" ind2=" " tag="029"><subfield code="a">AU@</subfield><subfield code="b">000020746090</subfield></datafield><datafield ind1=" " ind2=" " tag="042"><subfield code="a">pcc</subfield></datafield><datafield ind1=" " ind2=" " tag="043"><subfield code="a">n-us-il</subfield></datafield><datafield ind1="0" ind2="0" tag="245"><subfield code="a">Yates City banner.</subfield></datafield><datafield ind1="1" ind2=" " tag="246"><subfield code="i">Published simultaneously as:</subfield><subfield code="a">Elmwood gazette (Elmwood, Ill. : 1883)</subfield><subfield code="f">&lt;Mar. 9, 1944&gt;-Jan. 7, 1988</subfield></datafield><datafield ind1="1" ind2=" " tag="246"><subfield code="i">Published simultaneously as:</subfield><subfield code="a">Williamsfield times</subfield><subfield code="f">June 4-Dec. 3, 1970</subfield></datafield><datafield ind1="1" ind2=" " tag="246"><subfield code="i">Published simultaneously as:</subfield><subfield code="a">Farmington bugle</subfield><subfield code="f">Jan. 14, 1988-1992</subfield></datafield><datafield ind1=" " ind2=" " tag="260"><subfield code="a">Yates City, Knox County, Ill. :</subfield><subfield code="b">Geo. S. Flint,</subfield><subfield code="c">[1---?]-1992.</subfield></datafield><datafield ind1=" " ind2=" " tag="300"><subfield code="a">v.</subfield></datafield><datafield ind1=" " ind2=" " tag="310"><subfield code="a">Weekly</subfield></datafield><datafield ind1="0" ind2=" " tag="362"><subfield code="a">-v. 119, no. 51 (Dec. 24, 1992).</subfield></datafield><datafield ind1=" " ind2=" " tag="588"><subfield code="a">Description based on: Vol. 35, no. 2 (Nov. 6, 1913).</subfield></datafield><datafield ind1=" " ind2="0" tag="651"><subfield code="a">Yates City (Ill.)</subfield><subfield code="v">Newspapers.</subfield></datafield><datafield ind1=" " ind2="0" tag="651"><subfield code="a">Elmwood (Ill.)</subfield><subfield code="v">Newspapers.</subfield></datafield><datafield ind1=" " ind2="0" tag="651"><subfield code="a">Williamsfield (Ill.)</subfield><subfield code="v">Newspapers.</subfield></datafield><datafield ind1=" " ind2="0" tag="651"><subfield code="a">Farmington (Ill.)</subfield><subfield code="v">Newspapers.</subfield></datafield><datafield ind1=" " ind2="7" tag="655"><subfield code="a">Newspapers.</subfield><subfield code="2">fast</subfield><subfield code="0">(OCoLC)fst01423814</subfield></datafield><datafield ind1=" " ind2="7" tag="651"><subfield code="a">Illinois</subfield><subfield code="z">Elmwood.</subfield><subfield code="2">fast</subfield><subfield code="0">(OCoLC)fst01883800</subfield></datafield><datafield ind1=" " ind2="7" tag="651"><subfield code="a">Illinois</subfield><subfield code="z">Farmington.</subfield><subfield code="2">fast</subfield><subfield code="0">(OCoLC)fst01238085</subfield></datafield><datafield ind1=" " ind2="7" tag="651"><subfield code="a">Illinois</subfield><subfield code="z">Williamsfield.</subfield><subfield code="2">fast</subfield><subfield code="0">(OCoLC)fst01883811</subfield></datafield><datafield ind1=" " ind2="7" tag="651"><subfield code="a">Illinois</subfield><subfield code="z">Yates City.</subfield><subfield code="2">fast</subfield><subfield code="0">(OCoLC)fst01225473</subfield></datafield><datafield ind1=" " ind2=" " tag="752"><subfield code="a">United States</subfield><subfield code="b">Illinois</subfield><subfield code="c">Knox</subfield><subfield code="d">Yates City.</subfield></datafield><datafield ind1="0" ind2="0" tag="785"><subfield code="t">Tri-county news (Elmwood, Ill. : Yates City banner ed.)</subfield><subfield code="w">(DLC)sn 94060621</subfield><subfield code="w">(OCoLC)31634922</subfield></datafield><datafield ind1="0" ind2=" " tag="787"><subfield code="t">Elmwood gazette (Elmwood, Ill. : 1883)</subfield><subfield code="w">(DLC)sn 92054523</subfield><subfield code="w">(OCoLC)25576686</subfield></datafield><datafield ind1="0" ind2=" " tag="787"><subfield code="t">Williamsfield times</subfield><subfield code="w">(DLC)sn 88086092</subfield><subfield code="w">(OCoLC)17560405</subfield></datafield><datafield ind1="0" ind2=" " tag="787"><subfield code="t">Farmington bugle</subfield><subfield code="w">(DLC)sn 94060623</subfield><subfield code="w">(OCoLC)31640897</subfield></datafield></record>